%% This BibTeX bibliography file was created using BibDesk.
%% https://bibdesk.sourceforge.io/

%% Created for Tong Chen at 2021-11-14 20:48:45 +0800 


%% Saved with string encoding Unicode (UTF-8) 



@inproceedings{mentzer2019practical,
	author = {Fabian {Mentzer} and Eirikur {Agustsson} and Michael {Tschannen} and Radu {Timofte} and Luc Van {Gool}},
	booktitle = {IEEE Conference on Computer Vision and Pattern Recognition (CVPR)},
	date-added = {2021-11-14 20:44:47 +0800},
	date-modified = {2021-11-14 20:44:47 +0800},
	notes = {Sourced from Microsoft Academic - https://academic.microsoft.com/paper/2965631471},
	pages = {10629--10638},
	title = {Practical Full Resolution Learned Lossless Image Compression},
	year = {2019}}

@inproceedings{townsend2020hilloc,
	author = {James {Townsend} and Thomas {Bird} and Julius {Kunze} and David {Barber}},
	booktitle = {ICLR 2020 : Eighth International Conference on Learning Representations},
	date-added = {2021-11-14 20:44:47 +0800},
	date-modified = {2021-11-14 20:44:47 +0800},
	notes = {Sourced from Microsoft Academic - https://academic.microsoft.com/paper/2996200424},
	title = {HiLLoC: lossless image compression with hierarchical latent variable models},
	year = {2020}}

@inproceedings{cheng2020learned,
	author = {Zhengxue {Cheng} and Heming {Sun} and Masaru {Takeuchi} and Jiro {Katto}},
	booktitle = {IEEE International Conference on Acoustics, Speech and Signal Processing (ICASSP)},
	date-added = {2021-11-14 20:44:47 +0800},
	date-modified = {2021-11-14 20:44:47 +0800},
	pages = {2158--2162},
	title = {Learned Lossless Image Compression with A Hyperprior and Discretized Gaussian Mixture Likelihoods},
	year = {2020}}

@inproceedings{frey1996free,
	author = {B.J. {Frey} and G.E. {Hinton}},
	booktitle = {IEEE Data Compression Conference},
	date-added = {2021-11-14 20:44:47 +0800},
	date-modified = {2021-11-14 20:44:47 +0800},
	notes = {Sourced from Microsoft Academic - https://academic.microsoft.com/paper/2169742131},
	pages = {73--81},
	title = {Free energy coding},
	year = {1996}}

@inproceedings{huang2019extreme,
	author = {Huang, Chao and Liu, Haojie and Chen, Tong and Shen, Qiu and Ma, Zhan},
	booktitle = {IEEE Visual Communications and Image Processing (VCIP)},
	date-added = {2021-11-14 20:44:47 +0800},
	date-modified = {2021-11-14 20:44:47 +0800},
	pages = {1--4},
	title = {Extreme Image Coding via Multiscale Autoencoders with Generative Adversarial Optimization},
	year = {2019}}

@article{LowComplexityTransform_AVC,
	author = {H. S. {Malvar} and A. {Hallapuro} and M. {Karczewicz} and L. {Kerofsky}},
	date-added = {2021-11-14 20:44:47 +0800},
	date-modified = {2021-11-14 20:44:47 +0800},
	doi = {10.1109/TCSVT.2003.814964},
	issn = {1051-8215},
	journal = {IEEE Transactions on Circuits and Systems for Video Technology},
	keywords = {video coding;data compression;transform coding;transforms;quantisation (signal);digital arithmetic;code standards;telecommunication standards;computational complexity;low-complexity transform;low-complexity quantization;H.264/AVC;integer arithmetic;additions;shifts;arithmetic;computational complexity minimization;low-end processors;short tables;quantization formulas;multiplications;H.264 video coding standard;discrete cosine transform;DCT;16 bit;Quantization;Automatic voltage control;Decoding;Discrete transforms;Arithmetic;Discrete cosine transforms;Video coding;PSNR;Computational complexity},
	month = {July},
	number = {7},
	pages = {598-603},
	title = {Low-complexity transform and quantization in {H.264/AVC}},
	volume = {13},
	year = {2003},
	bdsk-url-1 = {https://doi.org/10.1109/TCSVT.2003.814964}}

@article{berger2003rate,
	author = {Berger, Toby},
	date-added = {2021-11-14 20:44:47 +0800},
	date-modified = {2021-11-14 20:44:47 +0800},
	journal = {Wiley Encyclopedia of Telecommunications},
	publisher = {Wiley Online Library},
	title = {Rate-distortion theory},
	year = {2003}}

@article{davisson1972rate,
	author = {Davisson, Lee D},
	date-added = {2021-11-14 20:44:47 +0800},
	date-modified = {2021-11-14 20:44:47 +0800},
	journal = {Proceedings of the IEEE},
	number = {7},
	pages = {800--808},
	publisher = {IEEE},
	title = {Rate-distortion theory and application},
	volume = {60},
	year = {1972}}

@inproceedings{szegedy2016rethinking,
	author = {Szegedy, Christian and Vanhoucke, Vincent and Ioffe, Sergey and Shlens, Jon and Wojna, Zbigniew},
	booktitle = {IEEE Conference on Computer Vision and Pattern Recognition (CVPR)},
	date-added = {2021-11-14 20:44:47 +0800},
	date-modified = {2021-11-14 20:44:47 +0800},
	pages = {2818--2826},
	title = {Rethinking the inception architecture for computer vision},
	year = {2016}}

@article{balle2015density,
	author = {Ball{\'e}, Johannes and Laparra, Valero and Simoncelli, Eero P},
	date-added = {2021-11-14 20:44:47 +0800},
	date-modified = {2021-11-14 20:44:47 +0800},
	journal = {arXiv preprint arXiv:1511.06281},
	title = {Density modeling of images using a generalized normalization transformation},
	year = {2015}}

@article{kligvasser2017xunit,
	author = {Kligvasser, Idan and Shaham, Tamar Rott and Michaeli, Tomer},
	date-added = {2021-11-14 20:44:47 +0800},
	date-modified = {2021-11-14 20:44:47 +0800},
	journal = {arXiv preprint arXiv:1711.06445},
	title = {xUnit: Learning a Spatial Activation Function for Efficient Image Restoration},
	year = {2017}}

@article{ICT,
	author = {H. S. Malvar and A. Hallapuro and M. Karczewicz and L. Kerofsky},
	date-added = {2021-11-14 20:44:47 +0800},
	date-modified = {2021-11-14 20:44:47 +0800},
	doi = {10.1109/TCSVT.2003.814964},
	issn = {1051-8215},
	journal = {IEEE Transactions on Circuits and Systems for Video Technology},
	keywords = {code standards;computational complexity;data compression;digital arithmetic;quantisation (signal);telecommunication standards;transform coding;transforms;video coding;16 bit;DCT;H.264 video coding standard;H.264/AVC;additions;arithmetic;computational complexity minimization;discrete cosine transform;integer arithmetic;low-complexity quantization;low-complexity transform;low-end processors;multiplications;quantization formulas;shifts;short tables;Arithmetic;Automatic voltage control;Computational complexity;Decoding;Discrete cosine transforms;Discrete transforms;Helium;PSNR;Quantization;Video coding},
	month = {July},
	number = {7},
	pages = {598-603},
	title = {Low-complexity transform and quantization in {H.264/AVC}},
	volume = {13},
	year = {2003},
	bdsk-url-1 = {https://doi.org/10.1109/TCSVT.2003.814964}}

@article{J2K_Wavelet,
	author = {Wu, Bing-Fei and Lin, Chung-Fu},
	date-added = {2021-11-14 20:44:47 +0800},
	date-modified = {2021-11-14 20:44:47 +0800},
	journal = {IEEE Transactions on Circuits and Systems for Video Technology},
	number = {12},
	pages = {1615--1628},
	publisher = {IEEE},
	title = {A high-performance and memory-efficient pipeline architecture for the 5/3 and 9/7 discrete wavelet transform of JPEG2000 codec},
	volume = {15},
	year = {2005}}

@article{DST,
	author = {S. A. Martucci},
	date-added = {2021-11-14 20:44:47 +0800},
	date-modified = {2021-11-14 20:44:47 +0800},
	doi = {10.1109/78.295213},
	issn = {1053-587X},
	journal = {IEEE Transactions on Signal Processing},
	keywords = {discrete cosine transforms;filtering and prediction theory;signal processing;convolution-multiplication properties;digital signal processing;discrete cosine transforms;discrete linear filtering;discrete sine transforms;fast algorithms;inverse discrete trigonometric transform;linear convolution;symmetric convolution;symmetric-periodic sequence representation;symmetrically extended sequences;Convolution;Convolutional codes;Digital signal processing;Discrete Fourier transforms;Discrete cosine transforms;Discrete transforms;Filtering;Finite impulse response filter;Nonlinear filters;Transform coding},
	month = {May},
	number = {5},
	pages = {1038-1051},
	title = {Symmetric convolution and the discrete sine and cosine transforms},
	volume = {42},
	year = {1994},
	bdsk-url-1 = {https://doi.org/10.1109/78.295213}}

@article{DCT,
	author = {Ahmed, Nasir and Natarajan, T\_ and Rao, Kamisetty R},
	date-added = {2021-11-14 20:44:47 +0800},
	date-modified = {2021-11-14 20:44:47 +0800},
	journal = {IEEE transactions on Computers},
	number = {1},
	pages = {90--93},
	publisher = {IEEE},
	title = {Discrete cosine transform},
	volume = {100},
	year = {1974}}

@inproceedings{OMP,
	author = {Y. C. Pati and R. Rezaiifar and P. S. Krishnaprasad},
	booktitle = {Proceedings of 27th Asilomar Conference on Signals, Systems and Computers},
	date-added = {2021-11-14 20:44:47 +0800},
	date-modified = {2021-11-14 20:44:47 +0800},
	doi = {10.1109/ACSSC.1993.342465},
	issn = {1058-6393},
	keywords = {approximation theory;convergence of numerical methods;recursive estimation;signal representation;wavelet transforms;affine wavelet frames;backward orthogonality;convergence;matching pursuit algorithm;orthogonal matching pursuit;overcomplete dictionaries;recursive algorithm;recursive function approximation;signal representation;wavelet decomposition;Convergence;Dictionaries;Educational institutions;Function approximation;Information systems;Iterative algorithms;Laboratories;Matching pursuit algorithms;Pursuit algorithms;Zinc},
	month = {Nov},
	pages = {40-44 vol.1},
	title = {Orthogonal matching pursuit: recursive function approximation with applications to wavelet decomposition},
	year = {1993},
	bdsk-url-1 = {https://doi.org/10.1109/ACSSC.1993.342465}}

@article{KSVD,
	author = {M. Aharon and M. Elad and A. Bruckstein},
	date-added = {2021-11-14 20:44:47 +0800},
	date-modified = {2021-11-14 20:44:47 +0800},
	doi = {10.1109/TSP.2006.881199},
	issn = {1053-587X},
	journal = {IEEE Transactions on Signal Processing},
	keywords = {image coding;image representation;iterative methods;singular value decomposition;transforms;K-SVD;K-means clustering process;image data;iterative method;linear transforms;overcomplete dictionary;signals sparse representation;sparse coding;sparsity constraints;Algorithm design and analysis;Clustering algorithms;Dictionaries;Feature extraction;Inverse problems;Iterative algorithms;Matching pursuit algorithms;Prototypes;Pursuit algorithms;Signal design;Atom decomposition;FOCUSS;basis pursuit;codebook;dictionary;gain-shape VQ;matching pursuit;sparse representation;training;vector quantization},
	month = {Nov},
	number = {11},
	pages = {4311-4322},
	title = {$\rm K$-SVD: An Algorithm for Designing Overcomplete Dictionaries for Sparse Representation},
	volume = {54},
	year = {2006},
	bdsk-url-1 = {https://doi.org/10.1109/TSP.2006.881199}}

@article{AVC,
	author = {T. Wiegand and G. J. Sullivan and G. Bjontegaard and A. Luthra},
	date-added = {2021-11-14 20:44:47 +0800},
	date-modified = {2021-11-14 20:44:47 +0800},
	doi = {10.1109/TCSVT.2003.815165},
	issn = {1051-8215},
	journal = {IEEE Transactions on Circuits and Systems for Video Technology},
	keywords = {IEC standards;ISO standards;code standards;data compression;rate distortion theory;standardisation;telecommunication standards;video coding;H.264/AVC standardization;H.264/AVC video coding standard;ISO/IEC Moving Picture Experts Group;ITU-T Video Coding Experts Group;compression performance;rate-distortion efficiency;standardization history;video broadcast;video representation;video storage;video streaming;video telephony;Automatic voltage control;Broadcasting;IEC standards;ISO standards;MPEG standards;Multimedia communication;Standardization;Telephony;Video coding;Video compression},
	month = {July},
	number = {7},
	pages = {560-576},
	title = {Overview of the H.264/AVC video coding standard},
	volume = {13},
	year = {2003},
	bdsk-url-1 = {https://doi.org/10.1109/TCSVT.2003.815165}}

@inproceedings{szegedy2015going,
	author = {Szegedy, Christian and Liu, Wei and Jia, Yangqing and Sermanet, Pierre and Reed, Scott and Anguelov, Dragomir and Erhan, Dumitru and Vanhoucke, Vincent and Rabinovich, Andrew},
	booktitle = {Proc. of the IEEE CVPR},
	date-added = {2021-11-14 20:44:47 +0800},
	date-modified = {2021-11-14 20:44:47 +0800},
	pages = {1--9},
	title = {Going deeper with convolutions},
	year = {2015}}

@article{adam,
	author = {D. P. Kingma and J. Ba},
	date-added = {2021-11-14 20:44:47 +0800},
	date-modified = {2021-11-14 20:44:47 +0800},
	journal = {arXiv:1412.6980v9},
	month = {Jan.},
	title = {{Adam}: A Method for Stochastic Optimization},
	year = {2017}}

@article{adadelta,
	author = {M. D. Zeiler},
	date-added = {2021-11-14 20:44:47 +0800},
	date-modified = {2021-11-14 20:44:47 +0800},
	journal = {arXiv:1212.5701v1},
	month = {Dec.},
	title = {{ADADELTA}: An Adaptive Learning Rate Method},
	year = {2012}}

@article{DCN_artifacts,
	author = {K. Yu and C. Dong and C. C. Loy and X. Tang},
	date-added = {2021-11-14 20:44:47 +0800},
	date-modified = {2021-11-14 20:44:47 +0800},
	journal = {arXiv:1608.02778},
	month = {Aug.},
	title = {Deep Convolution Networks for Compression Artifacts Reduction},
	year = {2016}}

@inproceedings{BDData,
	author = {G. Bjontegaard},
	booktitle = {Doc. VCEG-M33, ITU-T VCEG 13th Meeting},
	date-added = {2021-11-14 20:44:47 +0800},
	date-modified = {2021-11-14 20:44:47 +0800},
	title = {Calculation of Average {PSNR} Differences Between {R-D} Curves},
	year = {2001}}

@article{SSIM,
	author = {Z. Wang and A. C. Bovik and H.R. Sheikh and E. P. Simoncelli},
	date-added = {2021-11-14 20:44:47 +0800},
	date-modified = {2021-11-14 20:44:47 +0800},
	journal = {IEEE Trans. Image Processing},
	month = {April},
	number = {4},
	pages = {600-612},
	title = {{Image quality assessment: from error visibility to structural similarity}},
	volume = {13},
	year = {2004}}

@techreport{autoencoder_lossyComp,
	author = {A. Atreya and D. O'Shea},
	date-added = {2021-11-14 20:44:47 +0800},
	date-modified = {2021-11-14 20:44:47 +0800},
	institution = {Stanford University CS229},
	title = {Novel Lossy Compression Algorithms with Stacked Autoencoders},
	year = {2009}}

@article{hevc_transform,
	author = {M. Budagavi and A. Fuldseth and G. Bjoontegaard and V. Sze and M. Sadafale},
	date-added = {2021-11-14 20:44:47 +0800},
	date-modified = {2021-11-14 20:44:47 +0800},
	journal = {IEEE J. Selected Topics in Signal Processing},
	month = {Dec.},
	number = {6},
	pages = {1029-1041},
	title = {Core Transform Design in the High Efficiency Video Coding ({HEVC}) Standard},
	volume = {7},
	year = {2013}}

@inproceedings{vp8_overview,
	author = {C. Feller and J. Wuenschmann and T. Roll and A. Rothermel},
	booktitle = {Proc. IEEE Int. Conf. on Consumer Electronics - Berlin},
	date-added = {2021-11-14 20:44:47 +0800},
	date-modified = {2021-11-14 20:44:47 +0800},
	pages = {57-61},
	title = {The {VP8} video codec - overview and comparison to {H.264/AVC}},
	year = {2011}}

@article{hevc_sao,
	author = {C.-M. Fu and E. Alshina and A. Alshin and Y.-W. Huang and C.-Y. Chen and C.-Y. Tsai and C.-W. Hsu and S.-M. Lei and J.-H. Park and W.-J. Han},
	date-added = {2021-11-14 20:44:47 +0800},
	date-modified = {2021-11-14 20:44:47 +0800},
	journal = {IEEE Trans. Circuits Syst. Video Technol.},
	month = {Dec.},
	number = {12},
	pages = {1755-1764},
	title = {Sample Adaptive Offset in the {HEVC} Standard},
	volume = {22},
	year = {2012}}

@article{girod_mc_interp,
	author = {B. Girod},
	date-added = {2021-11-14 20:44:47 +0800},
	date-modified = {2021-11-14 20:44:47 +0800},
	journal = {IEEE Trans. Commun.},
	month = {Apr.},
	number = {4},
	pages = {604--612},
	title = {Motion-compensating prediction with fractional pel accuracy},
	volume = {41},
	year = {1993}}

@article{girod_mc,
	author = {B. Girod},
	date-added = {2021-11-14 20:44:47 +0800},
	date-modified = {2021-11-14 20:44:47 +0800},
	journal = {IEEE J. Sel. Areas Commun.},
	month = {Aug.},
	number = {7},
	pages = {1140--1154},
	title = {The efficiency of motion-compensating prediction for hybrid coding of video sequences},
	volume = {5},
	year = {1982}}

@article{kang_sparseResidual,
	author = {J.-W. Kang and M. Gabbouj and C.-C. J. Kuo},
	date-added = {2021-11-14 20:44:47 +0800},
	date-modified = {2021-11-14 20:44:47 +0800},
	journal = {IEEE Trans. Image Processing},
	month = {July},
	number = {7},
	pages = {2711-2722},
	title = {Sparse/{DCT} two-layered representation of prediction residuals for video coding},
	volume = {22},
	year = {2013}}

@inproceedings{vetro_dictVideo,
	author = {J.-W. Kang and C.-C. J. Kuo and R. Cohen and A. Vetro},
	booktitle = {Proc. IEEE Int. Symp. Circuits and Systems (ISCAS)},
	date-added = {2021-11-14 20:44:47 +0800},
	date-modified = {2021-11-14 20:44:47 +0800},
	pages = {109-112},
	title = {Efficient dictionary based video coding with reduced side information},
	year = {2011}}

@article{hevc_intra,
	author = {J. Lainema and F. Bossen and W.-J. Han and J. Min and K. Ugur},
	date-added = {2021-11-14 20:44:47 +0800},
	date-modified = {2021-11-14 20:44:47 +0800},
	journal = {IEEE Trans. Circuits Syst. Video Technol.},
	month = {Dec.},
	number = {12},
	pages = {1792-1801},
	title = {Intra Coding of the HEVC Standard},
	volume = {22},
	year = {2012}}

@article{AVC_transform,
	author = {H. Malvar and A. Hallapuro and M. Karczewicz and L. Kerofsky},
	date-added = {2021-11-14 20:44:47 +0800},
	date-modified = {2021-11-14 20:44:47 +0800},
	journal = {IEEE Trans. Circuits Syst. Video Technol.},
	month = {Jul.},
	number = {7},
	pages = {598--603},
	title = {Low complexity transform and quantization in {H.264/AVC}},
	volume = {13},
	year = {2003}}

@article{hevc_deblk,
	author = {A. Norkin and G. Bjontegaard and A. Fuldseth and M. Narroschke and M. Ikeda and K. Andersson and M. Zhou and G. V. der Auwera},
	date-added = {2021-11-14 20:44:47 +0800},
	date-modified = {2021-11-14 20:44:47 +0800},
	journal = {IEEE Trans. Circuits Syst. Video Technol.},
	month = {Dec.},
	number = {12},
	pages = {1746-1754},
	title = {{HEVC} Deblocking Filter},
	volume = {22},
	year = {2012}}

@article{zakhor_matchPursuit,
	author = {P. Schmid-Saugeon and A. Zakhor},
	date-added = {2021-11-14 20:44:47 +0800},
	date-modified = {2021-11-14 20:44:47 +0800},
	journal = {IEEE Trans. Circuits Syst. Video Technol.},
	number = {6},
	pages = {880-886},
	title = {Dictionary design for matching pursuit and application to motion-compensated video coding},
	volume = {14},
	year = {2004}}

@inproceedings{karl_dict_imgComp,
	author = {K. Skretting and K. Engan},
	booktitle = {Proc. IEEE Int. Conf. Acoustics, Speech, and Signal Processing (ICASSP)},
	date-added = {2021-11-14 20:44:47 +0800},
	date-modified = {2021-11-14 20:44:47 +0800},
	title = {Image compressing using learned dictionaries by {RLS-DLA} and compared with {K-SVD}},
	year = {2011}}

@inproceedings{sullivan_motionComp,
	author = {G. J. Sullivan and R. L. Baker},
	booktitle = {Proc. IEEE Int. Conf. Acoustics, Speech, and Signal Processing (ICASSP)},
	date-added = {2021-11-14 20:44:47 +0800},
	date-modified = {2021-11-14 20:44:47 +0800},
	pages = {2713--2716},
	title = {Motion compensation for video compression using control grid interpolation},
	year = {1991}}

@article{hevc_overview,
	author = {G. J. Sullivan and J.-R. Ohm and W.-J. Han and T. Wiegand},
	date-added = {2021-11-14 20:44:47 +0800},
	date-modified = {2021-11-14 20:44:47 +0800},
	journal = {IEEE Trans. Circuits Syst. Video Technol.},
	number = {12},
	pages = {1649-1668},
	title = {Overview of the high efficiency video coding ({HEVC}) standard},
	volume = {22},
	year = {2012}}

@article{sullivan_videoConcepts,
	author = {G. J. Sullivan and T. Wiegand},
	date-added = {2021-11-14 20:44:47 +0800},
	date-modified = {2021-11-14 20:44:47 +0800},
	journal = {Proceedings of the IEEE},
	number = {1},
	pages = {18-31},
	title = {Video Compression---From Concepts to the {H.264/AVC} Standard},
	volume = {93},
	year = {2005}}

@article{sullivan_RDO,
	author = {G. J. Sullivan and T. Wiegand},
	date-added = {2021-11-14 20:44:47 +0800},
	date-modified = {2021-11-14 20:44:47 +0800},
	journal = {IEEE Signal Processing Magazine},
	month = {Nov.},
	pages = {74-91},
	title = {Rate distortion optimization for video compression},
	year = {1998}}

@article{avc_overview,
	author = {T. Wiegand and G. J. Sullivan and G. Bjontegaard and A. Luthra},
	date-added = {2021-11-14 20:44:47 +0800},
	date-modified = {2021-11-14 20:44:47 +0800},
	journal = {IEEE Trans. Circuits Syst. Video Technol.},
	number = {7},
	pages = {560-576},
	title = {Overview of the {H.264/AVC} video coding standard},
	volume = {13},
	year = {2003}}

@misc{x264,
	date-added = {2021-11-14 20:44:47 +0800},
	date-modified = {2021-11-14 20:44:47 +0800},
	howpublished = {{\url{http://www.videolan.org/developers/x264.html}}},
	title = {{x264}},
	urldate = {2016},
	year = {2016},
	bdsk-url-1 = {http://www.videolan.org/developers/x264.html}}

@inproceedings{yao_selfDict,
	author = {Y. Xue and Y. Wang},
	booktitle = {Proc. IEEE Int. Conf. Multimedia and Expo (ICME)},
	date-added = {2021-11-14 20:44:47 +0800},
	date-modified = {2021-11-14 20:44:47 +0800},
	title = {Video coding using a self-adaptive redundant dictionary consisting of spatial and temporal prediction candidates},
	year = {2014}}

@article{chris_imgComp_alignedDict,
	author = {J. Zepeda and C. Guillemot and E. Kijak},
	date-added = {2021-11-14 20:44:47 +0800},
	date-modified = {2021-11-14 20:44:47 +0800},
	journal = {IEEE J. Selected Topics in Signal Processing},
	number = {5},
	pages = {1061-1073},
	title = {Image compression using sparse representations and the iteration-tuned and aligned dictionary},
	volume = {5},
	year = {2011}}

@misc{kodakset,
	date-added = {2021-11-14 20:44:47 +0800},
	date-modified = {2021-11-14 20:44:47 +0800},
	howpublished = {{\url{http://r0k.us/graphics/kodak/}}},
	month = {Dec. 15th},
	owner = {Tao Yue},
	timestamp = {2016.12.15},
	title = {Kodak Lossless True Color Image Suite},
	year = {2016}}

@article{wallace1991jpeg,
	author = {Wallace, Gregory K},
	date-added = {2021-11-14 20:44:47 +0800},
	date-modified = {2021-11-14 20:44:47 +0800},
	journal = {Communications of the ACM},
	number = {4},
	pages = {30--44},
	publisher = {AcM},
	title = {The {JPEG} still picture compression standard},
	volume = {34},
	year = {1991}}

@article{GrayQuantization,
	author = {R. M. Gray and D. L. Neuhoff},
	date-added = {2021-11-14 20:44:47 +0800},
	date-modified = {2021-11-14 20:44:47 +0800},
	doi = {10.1109/18.720541},
	issn = {0018-9448},
	journal = {IEEE Transactions on Information Theory},
	keywords = {Gaussian processes;analogue-digital conversion;data compression;encoding;history;pulse code modulation;quantisation (signal);rate distortion theory;reviews;Gaussian processes;analog-to-digital conversion;data compression;high-resolution analysis;history;modulation;pulse-code modulation;quantization;rate distortion theory;review;Analog-digital conversion;Data compression;Gaussian noise;Gaussian processes;Helium;History;Pulse modulation;Quantization;Rate distortion theory;Source coding},
	month = {Oct},
	number = {6},
	pages = {2325-2383},
	title = {Quantization},
	volume = {44},
	year = {1998},
	bdsk-url-1 = {https://doi.org/10.1109/18.720541}}

@article{Lin:2011:PVQ:1968225.1968275,
	acmid = {1968275},
	address = {Orlando, FL, USA},
	author = {Lin, Weisi and Jay Kuo, C. -C.},
	date-added = {2021-11-14 20:44:47 +0800},
	date-modified = {2021-11-14 20:44:47 +0800},
	doi = {10.1016/j.jvcir.2011.01.005},
	issn = {1047-3203},
	issue_date = {May, 2011},
	journal = {J. Vis. Comun. Image Represent.},
	keywords = {Common feature and artifact detection, Full reference, Human visual system (HVS), Just-noticeable distortion, No reference, Reduced reference, Signal decomposition, Signal-driven model, Vision-based model, Visual attention},
	month = may,
	number = {4},
	numpages = {16},
	pages = {297--312},
	publisher = {Academic Press, Inc.},
	title = {Perceptual Visual Quality Metrics: A Survey},
	url = {http://dx.doi.org/10.1016/j.jvcir.2011.01.005},
	volume = {22},
	year = {2011},
	bdsk-url-1 = {http://dx.doi.org/10.1016/j.jvcir.2011.01.005}}

@inproceedings{DCTune,
	author = {A. B. Watson},
	booktitle = {Society for Information Display Digest of Technical Papers XXIV},
	date-added = {2021-11-14 20:44:47 +0800},
	date-modified = {2021-11-14 20:44:47 +0800},
	pages = {946-949},
	title = {{DCTune}: A technique for visual optimization of {DCT} quantization matrices for individual images},
	year = {1993}}

@article{WiegandRDO,
	author = {T. Wiegand and H. Schwarz and A. Joch and F. Kossentini and G. J. Sullivan},
	date-added = {2021-11-14 20:44:47 +0800},
	date-modified = {2021-11-14 20:44:47 +0800},
	doi = {10.1109/TCSVT.2003.815168},
	issn = {1051-8215},
	journal = {IEEE Transactions on Circuits and Systems for Video Technology},
	keywords = {IEC standards;ISO standards;telecommunication control;telecommunication standards;video coding;H.263;H.264/AVC;MPEG-2;MPEG-4;PSNR;advanced video coding;rate-constrained coder control;reproduction quality;subjective testing;video coding standards;Automatic voltage control;Bit rate;Code standards;Decoding;IEC standards;ISO standards;Lagrangian functions;MPEG 4 Standard;Testing;Video coding},
	month = {July},
	number = {7},
	pages = {688-703},
	title = {Rate-constrained coder control and comparison of video coding standards},
	volume = {13},
	year = {2003},
	bdsk-url-1 = {https://doi.org/10.1109/TCSVT.2003.815168}}

@article{DBLP:journals/corr/JohnsonAL16,
	archiveprefix = {arXiv},
	author = {Justin Johnson and Alexandre Alahi and Fei{-}Fei Li},
	bibsource = {dblp computer science bibliography, https://dblp.org},
	biburl = {https://dblp.org/rec/bib/journals/corr/JohnsonAL16},
	date-added = {2021-11-14 20:44:47 +0800},
	date-modified = {2021-11-14 20:44:47 +0800},
	eprint = {1603.08155},
	journal = {CoRR},
	timestamp = {Wed, 07 Jun 2017 14:40:26 +0200},
	title = {Perceptual Losses for Real-Time Style Transfer and Super-Resolution},
	url = {http://arxiv.org/abs/1603.08155},
	volume = {abs/1603.08155},
	year = {2016},
	bdsk-url-1 = {http://arxiv.org/abs/1603.08155}}

@inproceedings{TwiterSR,
	author = {C. Ledig and L. Theis and F. Husz{\'a}r and J. Caballero and A. Cunningham and A. Acosta and A. Aitken and A. Tejani and J. Totz and Z. Wang and W. Shi},
	booktitle = {2017 IEEE Conference on Computer Vision and Pattern Recognition (CVPR)},
	date-added = {2021-11-14 20:44:47 +0800},
	date-modified = {2021-11-14 20:44:47 +0800},
	doi = {10.1109/CVPR.2017.19},
	issn = {1063-6919},
	keywords = {feedforward neural nets;image reconstruction;image resolution;image sampling;image texture;realistic images;SRGAN;adversarial loss;content loss;deep residual network;deeper convolutional neural networks;discriminator network;generative adversarial network;heavily downsampled images;high-resolution images;mean squared reconstruction error;natural image manifold;objective function;perceptual loss function;perceptual similarity;photo-realistic natural images;photo-realistic single image super-resolution;photo-realistic textures;signal-to-noise ratios;super-resolution methods;upscaling factors;Gallium nitride;Image reconstruction;Image resolution;Manifolds;Network architecture;Signal resolution;Training},
	month = {July},
	pages = {105-114},
	title = {Photo-Realistic Single Image Super-Resolution Using a Generative Adversarial Network},
	year = {2017},
	bdsk-url-1 = {https://doi.org/10.1109/CVPR.2017.19}}

@inproceedings{he2015delving,
	author = {He, Kaiming and Zhang, Xiangyu and Ren, Shaoqing and Sun, Jian},
	booktitle = {IEEE Conference on Computer Vision and Pattern Recognition (CVPR)},
	date-added = {2021-11-14 20:44:47 +0800},
	date-modified = {2021-11-14 20:44:47 +0800},
	pages = {1026--1034},
	title = {Delving deep into rectifiers: Surpassing human-level performance on imagenet classification},
	year = {2015}}

@inproceedings{MS-SSIM,
	author = {Wang, Zhou and Simoncelli, Eero P and Bovik, Alan C},
	booktitle = {Thirty-Seventh Asilomar Conference on Signals, Systems and Computers},
	date-added = {2021-11-14 20:44:47 +0800},
	date-modified = {2021-11-14 20:44:47 +0800},
	pages = {1398--1402},
	title = {Multiscale structural similarity for image quality assessment},
	year = {2003}}

@misc{BPG,
	author = {{Better Portable Graphics}},
	date-added = {2021-11-14 20:44:47 +0800},
	date-modified = {2021-11-14 20:44:47 +0800},
	title = {{\url{https://bellard.org/bpg/}}},
	year = {2018}}

@misc{webP,
	author = {{A new image format for the Web}},
	date-added = {2021-11-14 20:44:47 +0800},
	date-modified = {2021-11-14 20:44:47 +0800},
	title = {{\url{https://developers.google.com/speed/webp/}}},
	year = {2018}}

@misc{JPEG,
	author = {{Overview of JPEG}},
	date-added = {2021-11-14 20:44:47 +0800},
	date-modified = {2021-11-14 20:44:47 +0800},
	title = {{\url{https://jpeg.org/jpeg/}}},
	year = {2018}}

@article{JPEG2K,
	author = {D. T. Lee},
	date-added = {2021-11-14 20:44:47 +0800},
	date-modified = {2021-11-14 20:44:47 +0800},
	doi = {10.1109/JPROC.2004.839613},
	issn = {0018-9219},
	journal = {Proceedings of the IEEE},
	keywords = {code standards;discrete wavelet transforms;image coding;image colour analysis;source coding;Internet imaging;JPEG 2000 development;JPEG committee;digital cinema;discrete wavelet transforms;image coding system;image colour analysis;source coding;system functionality;Communication system security;Discrete cosine transforms;Discrete wavelet transforms;Image coding;Internet;Scalability;Standards development;Teamwork;Technological innovation;Transform coding;Color image coding;Internet imaging;JPEG 2000;Joint Photographic Experts Group (JPEG);data compression;image communication;motion JPEG 2000;source coding;subband coding;wavelet transform},
	month = {Jan},
	number = {1},
	pages = {32-41},
	title = {JPEG 2000: Retrospective and New Developments},
	volume = {93},
	year = {2005},
	bdsk-url-1 = {https://doi.org/10.1109/JPROC.2004.839613}}

@article{HEVC,
	author = {G. J. Sullivan and J. R. Ohm and W. J. Han and T. Wiegand},
	date-added = {2021-11-14 20:44:47 +0800},
	date-modified = {2021-11-14 20:44:47 +0800},
	doi = {10.1109/TCSVT.2012.2221191},
	issn = {1051-8215},
	journal = {IEEE Transactions on Circuits and Systems for Video Technology},
	keywords = {video coding;HEVC standardization effort;ISO-IEC Moving Picture Experts Group;ITU-T Video Coding Experts Group;bit-rate reduction;compression performance improvement;equal perceptual video quality;high efficiency video coding standard;technical features;ISO standards;MPEG 4 Standard;MPEG standards;Video coding;Video compression;Advanced video coding (AVC);H.264;High Efficiency Video Coding (HEVC);Joint Collaborative Team on Video Coding (JCT-VC);MPEG-4;Moving Picture Experts Group (MPEG);Video Coding Experts Group (VCEG);standards;video compression},
	month = {Dec},
	number = {12},
	pages = {1649-1668},
	title = {Overview of the High Efficiency Video Coding ({HEVC}) Standard},
	volume = {22},
	year = {2012},
	bdsk-url-1 = {https://doi.org/10.1109/TCSVT.2012.2221191}}

@article{DBLP:journals/corr/NahKL16,
	archiveprefix = {arXiv},
	author = {Seungjun Nah and Tae Hyun Kim and Kyoung Mu Lee},
	bibsource = {dblp computer science bibliography, https://dblp.org},
	biburl = {https://dblp.org/rec/bib/journals/corr/NahKL16},
	date-added = {2021-11-14 20:44:47 +0800},
	date-modified = {2021-11-14 20:44:47 +0800},
	eprint = {1612.02177},
	journal = {CoRR},
	timestamp = {Wed, 07 Jun 2017 14:43:04 +0200},
	title = {Deep Multi-scale Convolutional Neural Network for Dynamic Scene Deblurring},
	url = {http://arxiv.org/abs/1612.02177},
	volume = {abs/1612.02177},
	year = {2016},
	bdsk-url-1 = {http://arxiv.org/abs/1612.02177}}

@inproceedings{shi2016real,
	author = {Shi, Wenzhe and Caballero, Jose and Husz{\'a}r, Ferenc and Totz, Johannes and Aitken, Andrew P and Bishop, Rob and Rueckert, Daniel and Wang, Zehan},
	booktitle = {IEEE Conference on Computer Vision and Pattern Recognition (CVPR)},
	date-added = {2021-11-14 20:44:47 +0800},
	date-modified = {2021-11-14 20:44:47 +0800},
	pages = {1874--1883},
	title = {Real-time single image and video super-resolution using an efficient sub-pixel convolutional neural network},
	year = {2016}}

@article{toderici2015variable,
	author = {Toderici, George and O'Malley, Sean M and Hwang, Sung Jin and Vincent, Damien and Minnen, David and Baluja, Shumeet and Covell, Michele and Sukthankar, Rahul},
	date-added = {2021-11-14 20:44:47 +0800},
	date-modified = {2021-11-14 20:44:47 +0800},
	journal = {International Conference on Learning Representations},
	title = {Variable rate image compression with recurrent neural networks},
	year = {2016}}

@inproceedings{goodfellow2014generative,
	author = {Goodfellow, Ian and Pouget-Abadie, Jean and Mirza, Mehdi and Xu, Bing and Warde-Farley, David and Ozair, Sherjil and Courville, Aaron and Bengio, Yoshua},
	booktitle = {Advances in neural information processing systems},
	date-added = {2021-11-14 20:44:47 +0800},
	date-modified = {2021-11-14 20:44:47 +0800},
	pages = {2672--2680},
	title = {Generative adversarial nets},
	year = {2014}}

@inproceedings{johnson2016perceptual,
	author = {Johnson, Justin and Alahi, Alexandre and Fei-Fei, Li},
	booktitle = {ECCV},
	date-added = {2021-11-14 20:44:47 +0800},
	date-modified = {2021-11-14 20:44:47 +0800},
	title = {Perceptual losses for real-time style transfer and super-resolution},
	year = {2016}}

@article{dong2016image,
	author = {Dong, Chao and Loy, Chen Change and He, Kaiming and Tang, Xiaoou},
	date-added = {2021-11-14 20:44:47 +0800},
	date-modified = {2021-11-14 20:44:47 +0800},
	journal = {IEEE transactions on pattern analysis and machine intelligence},
	number = {2},
	pages = {295--307},
	publisher = {IEEE},
	title = {Image super-resolution using deep convolutional networks},
	volume = {38},
	year = {2016}}

@inproceedings{dong2015compression,
	author = {Dong, Chao and Deng, Yubin and Change Loy, Chen and Tang, Xiaoou},
	booktitle = {IEEE International Conference on Computer Vision (CVPR)},
	date-added = {2021-11-14 20:44:47 +0800},
	date-modified = {2021-11-14 20:44:47 +0800},
	pages = {576--584},
	title = {Compression artifacts reduction by a deep convolutional network},
	year = {2015}}

@article{kingma2014adam,
	author = {Kingma, Diederik P and Ba, Jimmy},
	date-added = {2021-11-14 20:44:47 +0800},
	date-modified = {2021-11-14 20:44:47 +0800},
	journal = {arXiv preprint arXiv:1412.6980},
	title = {Adam: A method for stochastic optimization},
	year = {2014}}

@article{arjovsky2017wasserstein,
	author = {Arjovsky, Martin and Chintala, Soumith and Bottou, L{\'e}on},
	date-added = {2021-11-14 20:44:47 +0800},
	date-modified = {2021-11-14 20:44:47 +0800},
	journal = {arXiv preprint arXiv:1701.07875},
	title = {Wasserstein gan},
	year = {2017}}

@article{radford2015unsupervised,
	author = {Radford, Alec and Metz, Luke and Chintala, Soumith},
	date-added = {2021-11-14 20:44:47 +0800},
	date-modified = {2021-11-14 20:44:47 +0800},
	journal = {arXiv preprint arXiv:1511.06434},
	title = {Unsupervised representation learning with deep convolutional generative adversarial networks},
	year = {2015}}

@article{pan2010survey,
	author = {Pan, Sinno Jialin and Yang, Qiang},
	date-added = {2021-11-14 20:44:47 +0800},
	date-modified = {2021-11-14 20:44:47 +0800},
	journal = {IEEE Transactions on knowledge and data engineering},
	number = {10},
	pages = {1345--1359},
	publisher = {IEEE},
	title = {A survey on transfer learning},
	volume = {22},
	year = {2010}}

@article{ledig2016photo,
	author = {Ledig, Christian and Theis, Lucas and Husz{\'a}r, Ferenc and Caballero, Jose and Cunningham, Andrew and Acosta, Alejandro and Aitken, Andrew and Tejani, Alykhan and Totz, Johannes and Wang, Zehan and others},
	date-added = {2021-11-14 20:44:47 +0800},
	date-modified = {2021-11-14 20:44:47 +0800},
	journal = {arXiv preprint},
	title = {Photo-realistic single image super-resolution using a generative adversarial network},
	year = {2016}}

@article{DBLP:journals/corr/GuoC16,
	archiveprefix = {arXiv},
	author = {Jun Guo and Hongyang Chao},
	bibsource = {dblp computer science bibliography, https://dblp.org},
	biburl = {https://dblp.org/rec/bib/journals/corr/GuoC16},
	date-added = {2021-11-14 20:44:47 +0800},
	date-modified = {2021-11-14 20:44:47 +0800},
	eprint = {1611.04994},
	journal = {CoRR},
	timestamp = {Wed, 07 Jun 2017 14:40:40 +0200},
	title = {One-to-Many Network for Visually Pleasing Compression Artifacts Reduction},
	url = {http://arxiv.org/abs/1611.04994},
	volume = {abs/1611.04994},
	year = {2016},
	bdsk-url-1 = {http://arxiv.org/abs/1611.04994}}

@article{Gao2014Transfer,
	author = {Gao, Jin and Ling, Haibin and Hu, Weiming and Xing, Junliang},
	date-added = {2021-11-14 20:44:47 +0800},
	date-modified = {2021-11-14 20:44:47 +0800},
	pages = {188-203},
	title = {Transfer Learning Based Visual Tracking with Gaussian Processes Regression},
	volume = {8691},
	year = {2014}}

@article{liu2019gated,
	author = {Liu, Haojie and Chen, Tong and Guo, Peiyao and Shen, Qiu and Ma, Zhan},
	date-added = {2021-11-14 20:44:47 +0800},
	date-modified = {2021-11-14 20:44:47 +0800},
	journal = {arXiv preprint arXiv:1902.10480},
	title = {Gated Context Model with Embedded Priors for Deep Image Compression},
	year = {2019}}

@article{lainema2012intra,
	author = {Lainema, Jani and Bossen, Frank and Han, Woo-Jin and Min, Junghye and Ugur, Kemal},
	date-added = {2021-11-14 20:44:47 +0800},
	date-modified = {2021-11-14 20:44:47 +0800},
	journal = {IEEE Transactions on Circuits and Systems for Video Technology},
	number = {12},
	pages = {1792--1801},
	publisher = {IEEE},
	title = {Intra coding of the HEVC standard},
	volume = {22},
	year = {2012}}

@inproceedings{liu2019practical,
	author = {Liu, Haojie and Chen, Tong and Shen, Qiu and Ma, Zhan},
	booktitle = {IEEE Conference on Computer Vision and Pattern Recognition Workshops},
	date-added = {2021-11-14 20:44:47 +0800},
	date-modified = {2021-11-14 20:44:47 +0800},
	title = {Practical Stacked Non-local Attention Modules for Image Compression},
	year = {2019}}

@inproceedings{liu2018deep,
	author = {Liu, Haojie and Chen, Tong and Shen, Qiu and Yue, Tao and Ma, Zhan},
	booktitle = {IEEE Conference on Computer Vision and Pattern Recognition Workshops},
	date-added = {2021-11-14 20:44:47 +0800},
	date-modified = {2021-11-14 20:44:47 +0800},
	title = {Deep Image Compression via End-to-End Learning.},
	year = {2018}}

@article{IBC,
	author = {X. {Xu} and S. {Liu} and T. {Chuang} and Y. {Huang} and S. {Lei} and K. {Rapaka} and C. {Pang} and V. {Seregin} and Y. {Wang} and M. {Karczewicz}},
	date-added = {2021-11-14 20:44:47 +0800},
	date-modified = {2021-11-14 20:44:47 +0800},
	doi = {10.1109/JETCAS.2016.2597645},
	issn = {2156-3357},
	journal = {IEEE Journal on Emerging and Selected Topics in Circuits and Systems},
	keywords = {block codes;video coding;intra block copy;HEVC screen content coding extension;camera-captured video;natural video;intra picture block compensation;prediction error reduction;high efficiency video coding SCC;current picture referencing;High efficiency video coding;Standards;Interpolation;Video coding;Motion compensation;Current picture referencing;high efficiency video coding (HEVC);intra block copy;motion compensation;screen content coding},
	month = {Dec},
	number = {4},
	pages = {409-419},
	title = {Intra Block Copy in HEVC Screen Content Coding Extensions},
	volume = {6},
	year = {2016},
	bdsk-url-1 = {https://doi.org/10.1109/JETCAS.2016.2597645}}

@article{sullivan1998rate,
	author = {Sullivan, Gary J and Wiegand, Thomas},
	date-added = {2021-11-14 20:44:47 +0800},
	date-modified = {2021-11-14 20:44:47 +0800},
	journal = {IEEE signal processing magazine},
	number = {6},
	pages = {74--90},
	title = {Rate-distortion optimization for video compression},
	volume = {15},
	year = {1998}}

@inproceedings{rippel2017real,
	author = {Rippel, Oren and Bourdev, Lubomir},
	booktitle = {International Conference on Machine Learning},
	date-added = {2021-11-14 20:44:47 +0800},
	date-modified = {2021-11-14 20:44:47 +0800},
	pages = {2922--2930},
	title = {Real-Time Adaptive Image Compression},
	year = {2017}}

@inproceedings{mentzer2018conditional,
	author = {Mentzer, Fabian and Agustsson, Eirikur and Tschannen, Michael and Timofte, Radu and Van Gool, Luc},
	booktitle = {IEEE Conference on Computer Vision and Pattern Recognition (CVPR)},
	date-added = {2021-11-14 20:44:47 +0800},
	date-modified = {2021-11-14 20:44:47 +0800},
	number = {2},
	pages = {3},
	title = {Conditional probability models for deep image compression},
	volume = {1},
	year = {2018}}

@inproceedings{wang2018non,
	author = {Wang, Xiaolong and Girshick, Ross and Gupta, Abhinav and He, Kaiming},
	booktitle = {Proceedings of the IEEE Conference on Computer Vision and Pattern Recognition},
	date-added = {2021-11-14 20:44:47 +0800},
	date-modified = {2021-11-14 20:44:47 +0800},
	pages = {7794--7803},
	title = {Non-local neural networks},
	year = {2018}}

@inproceedings{balle2018variational,
	author = {Ball{\'e}, Johannes and Minnen, David and Singh, Saurabh and Hwang, Sung Jin and Johnston, Nick},
	booktitle = {International Conference on Learning Representations},
	date-added = {2021-11-14 20:44:47 +0800},
	date-modified = {2021-11-14 20:44:47 +0800},
	title = {Variational image compression with a scale hyperprior},
	year = {2018}}

@inproceedings{li2017learning,
	author = {Li, Mu and Zuo, Wangmeng and Gu, Shuhang and Zhao, Debin and Zhang, David},
	booktitle = {IEEE Conference on Computer Vision and Pattern Recognition (CVPR)},
	date-added = {2021-11-14 20:44:47 +0800},
	date-modified = {2021-11-14 20:44:47 +0800},
	pages = {3214--3223},
	title = {Learning convolutional networks for content-weighted image compression},
	year = {2018}}

@article{theis2017lossy,
	author = {Theis, Lucas and Shi, Wenzhe and Cunningham, Andrew and Husz{\'a}r, Ferenc},
	date-added = {2021-11-14 20:44:47 +0800},
	date-modified = {2021-11-14 20:44:47 +0800},
	journal = {arXiv preprint arXiv:1703.00395},
	title = {Lossy image compression with compressive autoencoders},
	year = {2017}}

@inproceedings{agustsson2017soft,
	author = {Agustsson, Eirikur and Mentzer, Fabian and Tschannen, Michael and Cavigelli, Lukas and Timofte, Radu and Benini, Luca and Gool, Luc V},
	booktitle = {Advances in Neural Information Processing Systems},
	date-added = {2021-11-14 20:44:47 +0800},
	date-modified = {2021-11-14 20:44:47 +0800},
	pages = {1141--1151},
	title = {Soft-to-hard vector quantization for end-to-end learning compressible representations},
	year = {2017}}

@inproceedings{balle2016end,
	author = {Johannes Ball{\'{e}} and Valero Laparra and Eero P. Simoncelli},
	booktitle = {International Conference on Learning Representations},
	date-added = {2021-11-14 20:44:47 +0800},
	date-modified = {2021-11-14 20:44:47 +0800},
	title = {End-to-end Optimized Image Compression},
	year = {2017}}

@inproceedings{ledig2017photo,
	author = {Ledig, Christian and Theis, Lucas and Husz{\'a}r, Ferenc and Caballero, Jose and Cunningham, Andrew and Acosta, Alejandro and Aitken, Andrew P and Tejani, Alykhan and Totz, Johannes and Wang, Zehan and others},
	booktitle = {CVPR},
	date-added = {2021-11-14 20:44:47 +0800},
	date-modified = {2021-11-14 20:44:47 +0800},
	number = {3},
	pages = {4},
	title = {Photo-Realistic Single Image Super-Resolution Using a Generative Adversarial Network.},
	volume = {2},
	year = {2017}}

@inproceedings{agustsson2018generative,
	author = {Agustsson, Eirikur and Tschannen, Michael and Mentzer, Fabian and Timofte, Radu and Gool, Luc Van},
	booktitle = {IEEE International Conference on Computer Vision (CVPR)},
	date-added = {2021-11-14 20:44:47 +0800},
	date-modified = {2021-11-14 20:44:47 +0800},
	pages = {221--231},
	title = {Generative adversarial networks for extreme learned image compression},
	year = {2019}}

@inproceedings{oord2016pixel,
	author = {Van Den Oord, A{\"a}ron and Kalchbrenner, Nal and Kavukcuoglu, Koray},
	booktitle = {International Conference on Machine Learning},
	date-added = {2021-11-14 20:44:47 +0800},
	date-modified = {2021-11-14 20:44:47 +0800},
	pages = {1747--1756},
	title = {Pixel recurrent neural networks},
	year = {2016}}

@inproceedings{van2016conditional,
	author = {van den Oord, Aaron and Kalchbrenner, Nal and Espeholt, Lasse and Vinyals, Oriol and Graves, Alex and others},
	booktitle = {Advances in Neural Information Processing Systems},
	date-added = {2021-11-14 20:44:47 +0800},
	date-modified = {2021-11-14 20:44:47 +0800},
	pages = {4790--4798},
	title = {Conditional image generation with pixelcnn decoders},
	year = {2016}}

@phdthesis{gers2001long,
	author = {Gers, Felix},
	date-added = {2021-11-14 20:44:47 +0800},
	date-modified = {2021-11-14 20:44:47 +0800},
	school = {Verlag nicht ermittelbar},
	title = {Long short-term memory in recurrent neural networks},
	year = {2001}}

@inproceedings{balle2018efficient,
	author = {Ball{\'e}, Johannes},
	booktitle = {IEEE Picture Coding Symposium (PCS)},
	date-added = {2021-11-14 20:44:47 +0800},
	date-modified = {2021-11-14 20:44:47 +0800},
	pages = {248--252},
	title = {Efficient nonlinear transforms for lossy image compression},
	year = {2018}}

@article{srivastava2015highway,
	author = {Srivastava, Rupesh Kumar and Greff, Klaus and Schmidhuber, J{\"u}rgen},
	date-added = {2021-11-14 20:44:47 +0800},
	date-modified = {2021-11-14 20:44:47 +0800},
	journal = {arXiv preprint arXiv:1505.00387},
	title = {Highway networks},
	year = {2015}}

@article{wang2018predrnn++,
	author = {Wang, Yunbo and Gao, Zhifeng and Long, Mingsheng and Wang, Jianmin and Yu, Philip S},
	date-added = {2021-11-14 20:44:47 +0800},
	date-modified = {2021-11-14 20:44:47 +0800},
	journal = {arXiv preprint arXiv:1804.06300},
	title = {PredRNN++: Towards A Resolution of the Deep-in-Time Dilemma in Spatiotemporal Predictive Learning},
	year = {2018}}

@inproceedings{he2016deep,
	author = {He, Kaiming and Zhang, Xiangyu and Ren, Shaoqing and Sun, Jian},
	booktitle = {IEEE Conference on Computer Vision and Pattern Recognition (CVPR)},
	date-added = {2021-11-14 20:44:47 +0800},
	date-modified = {2021-11-14 20:44:47 +0800},
	pages = {770--778},
	title = {Deep residual learning for image recognition},
	year = {2016}}

@article{mirza2014conditional,
	author = {Mirza, Mehdi and Osindero, Simon},
	date-added = {2021-11-14 20:44:47 +0800},
	date-modified = {2021-11-14 20:44:47 +0800},
	journal = {arXiv preprint arXiv:1411.1784},
	title = {Conditional generative adversarial nets},
	year = {2014}}

@inproceedings{lin2014microsoft,
	author = {Lin, Tsung-Yi and Maire, Michael and Belongie, Serge and Hays, James and Perona, Pietro and Ramanan, Deva and Doll{\'a}r, Piotr and Zitnick, C Lawrence},
	booktitle = {European conference on computer vision},
	date-added = {2021-11-14 20:44:47 +0800},
	date-modified = {2021-11-14 20:44:47 +0800},
	organization = {Springer},
	pages = {740--755},
	title = {Microsoft coco: Common objects in context},
	year = {2014}}

@inproceedings{wang2003multiscale,
	author = {Wang, Zhou and Simoncelli, Eero P and Bovik, Alan C},
	booktitle = {The Thrity-Seventh Asilomar Conference on Signals, Systems \& Computers},
	date-added = {2021-11-14 20:44:47 +0800},
	date-modified = {2021-11-14 20:44:47 +0800},
	pages = {1398--1402},
	title = {Multiscale structural similarity for image quality assessment},
	year = {2003}}

@inproceedings{simonyan2014very,
	author = {Karen Simonyan and Andrew Zisserman},
	booktitle = {International Conference on Learning Representations},
	date-added = {2021-11-14 20:44:47 +0800},
	date-modified = {2021-11-14 20:44:47 +0800},
	title = {Very Deep Convolutional Networks for Large-Scale Image Recognition},
	year = {2015}}

@inproceedings{zamir2018taskonomy,
	author = {Zamir, Amir R and Sax, Alexander and Shen, William},
	date-added = {2021-11-14 20:44:47 +0800},
	date-modified = {2021-11-14 20:44:47 +0800},
	title = {Taskonomy: Disentangling Task Transfer Learning}}

@inproceedings{klopp2018learning,
	author = {Klopp, Jan P and Wang, Yu-Chiang Frank and Chien, Shao-Yi and Chen, Liang-Gee},
	booktitle = {Proc. of 29th British Machine Vision Conference},
	date-added = {2021-11-14 20:44:47 +0800},
	date-modified = {2021-11-14 20:44:47 +0800},
	title = {Learning a Code-Space Predictor by Exploiting Intra-Image-Dependencies},
	year = {2018}}

@article{wallace1992jpeg,
	author = {Wallace, Gregory K},
	date-added = {2021-11-14 20:44:47 +0800},
	date-modified = {2021-11-14 20:44:47 +0800},
	journal = {IEEE transactions on consumer electronics},
	number = {1},
	pages = {xviii--xxxiv},
	publisher = {IEEE},
	title = {The JPEG still picture compression standard},
	volume = {38},
	year = {1992}}

@book{taubman2012jpeg2000,
	author = {Taubman, David and Marcellin, Michael},
	date-added = {2021-11-14 20:44:47 +0800},
	date-modified = {2021-11-14 20:44:47 +0800},
	publisher = {Springer Science \& Business Media},
	title = {JPEG2000 image compression fundamentals, standards and practice: image compression fundamentals, standards and practice},
	volume = {642},
	year = {2012}}

@article{bellard2016bpg,
	author = {Bellard, Fabrice},
	date-added = {2021-11-14 20:44:47 +0800},
	date-modified = {2021-11-14 20:44:47 +0800},
	journal = {URL http://bellard. org/bpg/.[Online, Accessed 2016-08-05]},
	title = {BPG image format (2017)}}

@article{mathieu2015deep,
	author = {Mathieu, Michael and Couprie, Camille and LeCun, Yann},
	date-added = {2021-11-14 20:44:47 +0800},
	date-modified = {2021-11-14 20:44:47 +0800},
	journal = {arXiv preprint arXiv:1511.05440},
	title = {Deep multi-scale video prediction beyond mean square error},
	year = {2015}}

@inproceedings{gu2014weighted,
	author = {Gu, Shuhang and Zhang, Lei and Zuo, Wangmeng and Feng, Xiangchu},
	booktitle = {Proceedings of the IEEE conference on computer vision and pattern recognition},
	date-added = {2021-11-14 20:44:47 +0800},
	date-modified = {2021-11-14 20:44:47 +0800},
	pages = {2862--2869},
	title = {Weighted nuclear norm minimization with application to image denoising},
	year = {2014}}

@inproceedings{mairal2009non,
	author = {Mairal, Julien and Bach, Francis and Ponce, Jean and Sapiro, Guillermo and Zisserman, Andrew},
	booktitle = {IEEE International Conference on Computer Vision (ICCV)},
	date-added = {2021-11-14 20:44:47 +0800},
	date-modified = {2021-11-14 20:44:47 +0800},
	pages = {2272--2279},
	title = {Non-local sparse models for image restoration},
	year = {2009}}

@inproceedings{buades2005non,
	author = {Buades, Antoni and Coll, Bartomeu and Morel, J-M},
	booktitle = {IEEE Conference on Computer Vision and Pattern Recognition (CVPR)},
	date-added = {2021-11-14 20:44:47 +0800},
	date-modified = {2021-11-14 20:44:47 +0800},
	pages = {60--65},
	title = {A non-local algorithm for image denoising},
	year = {2005}}

@inproceedings{liu2018non,
	author = {Liu, Ding and Wen, Bihan and Fan, Yuchen and Loy, Chen Change and Huang, Thomas S},
	booktitle = {Advances in Neural Information Processing Systems},
	date-added = {2021-11-14 20:44:47 +0800},
	date-modified = {2021-11-14 20:44:47 +0800},
	pages = {1680--1689},
	title = {Non-local recurrent network for image restoration},
	year = {2018}}

@inproceedings{zhang2018residual,
	author = {Zhang, Yulun and Li, Kunpeng and Li, Kai and Zhong, Bineng and Fu, Yun},
	booktitle = {International Conference on Learning Representations},
	date-added = {2021-11-14 20:44:47 +0800},
	date-modified = {2021-11-14 20:44:47 +0800},
	title = {Residual Non-local Attention Networks for Image Restoration},
	year = {2018}}

@inproceedings{vaswani2017attention,
	author = {Vaswani, Ashish and Shazeer, Noam and Parmar, Niki and Uszkoreit, Jakob and Jones, Llion and Gomez, Aidan N and Kaiser, {\L}ukasz and Polosukhin, Illia},
	booktitle = {Advances in Neural Information Processing Systems},
	date-added = {2021-11-14 20:44:47 +0800},
	date-modified = {2021-11-14 20:44:47 +0800},
	pages = {5998--6008},
	title = {Attention is all you need},
	year = {2017}}

@inproceedings{luong2015effective,
	author = {Luong, Minh-Thang and Pham, Hieu and Manning, Christopher D},
	booktitle = {Empirical Methods in Natural Language Processing},
	date-added = {2021-11-14 20:44:47 +0800},
	date-modified = {2021-11-14 20:44:47 +0800},
	pages = {1412--1421},
	title = {Effective Approaches to Attention-based Neural Machine Translation},
	year = {2015}}

@inproceedings{firat2016multi,
	author = {Firat, Orhan and Cho, Kyunghyun and Bengio, Yoshua},
	booktitle = {Proceedings of NAACL-HLT},
	date-added = {2021-11-14 20:44:47 +0800},
	date-modified = {2021-11-14 20:44:47 +0800},
	pages = {866--875},
	title = {Multi-Way, Multilingual Neural Machine Translation with a Shared Attention Mechanism},
	year = {2016}}

@inproceedings{minnen2018joint,
	author = {Minnen, David and Ball{\'e}, Johannes and Toderici, George D},
	booktitle = {Advances in Neural Information Processing Systems},
	date-added = {2021-11-14 20:44:47 +0800},
	date-modified = {2021-11-14 20:44:47 +0800},
	pages = {10794--10803},
	title = {Joint autoregressive and hierarchical priors for learned image compression},
	year = {2018}}

@webpage{clic,
	date-added = {2021-11-14 20:44:47 +0800},
	date-modified = {2021-11-14 20:44:47 +0800},
	title = {CHALLENGE ON LEARNED IMAGE COMPRESSION 2018},
	url = {http://www.compression.cc/challenge/},
	bdsk-url-1 = {http://www.compression.cc/challenge/}}

@webpage{BPG,
	date-added = {2021-11-14 20:44:47 +0800},
	date-modified = {2021-11-14 20:44:47 +0800},
	title = {{BPG} Image format},
	url = {https://bellard.org/bpg/},
	bdsk-url-1 = {https://bellard.org/bpg/}}

@webpage{bsd500,
	date-added = {2021-11-14 20:44:47 +0800},
	date-modified = {2021-11-14 20:44:47 +0800},
	title = {The Berkeley Segmentation Dataset and Benchmark},
	url = {https://www2.eecs.berkeley.edu/Research/Projects/CS/vision/bsds/},
	bdsk-url-1 = {https://www2.eecs.berkeley.edu/Research/Projects/CS/vision/bsds/}}

@article{bjontegaard2001calculation,
	author = {Bjontegaard, Gisle},
	date-added = {2021-11-14 20:44:47 +0800},
	date-modified = {2021-11-14 20:44:47 +0800},
	journal = {VCEG-M33},
	title = {Calculation of average PSNR differences between RD-curves},
	year = {2001}}

@article{Gary_RDO,
	author = {G. J. Sullivan and T. Wiegand},
	date-added = {2021-11-14 20:44:47 +0800},
	date-modified = {2021-11-14 20:44:47 +0800},
	journal = {IEEE Signal Processing Magazine},
	month = {Nov},
	number = {6},
	pages = {74-90},
	title = {Rate-distortion optimization for video compression},
	volume = {15},
	year = {1998}}

@inproceedings{johnston2018improved,
	author = {Johnston, Nick and Vincent, Damien and Minnen, David and Covell, Michele and Singh, Saurabh and Chinen, Troy and Jin Hwang, Sung and Shor, Joel and Toderici, George},
	booktitle = {IEEE Conference on Computer Vision and Pattern Recognition (CVPR)},
	date-added = {2021-11-14 20:44:47 +0800},
	date-modified = {2021-11-14 20:44:47 +0800},
	pages = {4385--4393},
	title = {Improved lossy image compression with priming and spatially adaptive bit rates for recurrent networks},
	year = {2018}}

@article{rippel2018learned,
	author = {Rippel, Oren and Nair, Sanjay and Lew, Carissa and Branson, Steve and Anderson, Alexander G and Bourdev, Lubomir},
	date-added = {2021-11-14 20:44:47 +0800},
	date-modified = {2021-11-14 20:44:47 +0800},
	journal = {arXiv preprint arXiv:1811.06981},
	title = {Learned Video Compression},
	year = {2018}}

@webpage{kodark,
	author = {Eastman Kodak},
	date-added = {2021-11-14 20:44:47 +0800},
	date-modified = {2021-11-14 20:44:47 +0800},
	title = {Kodak lossless true color image suite (PhotoCD PCD0992)},
	url = {http:/r0k.us/graphics/kodak/},
	bdsk-url-1 = {http:/r0k.us/graphics/kodak/}}

@webpage{vtm,
	author = {VTM10.0},
	date-added = {2021-11-14 20:44:47 +0800},
	date-modified = {2021-11-14 20:44:47 +0800},
	title = {VTM reference software for VVC},
	url = {https://vcgit.hhi.fraunhofer.de/jvet/VVCSoftware_VTM/-/tree/VTM-10.0},
	bdsk-url-1 = {https://vcgit.hhi.fraunhofer.de/jvet/VVCSoftware_VTM/-/tree/VTM-10.0}}

@inproceedings{Agustsson_2017_CVPR_Workshops,
	author = {Agustsson, Eirikur and Timofte, Radu},
	booktitle = {The IEEE Conference on Computer Vision and Pattern Recognition (CVPR) Workshops},
	date-added = {2021-11-14 20:44:47 +0800},
	date-modified = {2021-11-14 20:44:47 +0800},
	month = {July},
	title = {NTIRE 2017 Challenge on Single Image Super-Resolution: Dataset and Study},
	year = {2017}}

@webpage{BT500-13,
	author = {ITU-R BT.500-13},
	date-added = {2021-11-14 20:44:47 +0800},
	date-modified = {2021-11-14 20:44:47 +0800},
	title = {Methodology for the subjective assessment of the quality of television pictures},
	url = {https://www.itu.int/dms_pubrec/itu-r/rec/bt/R-REC-BT.500-13-201201-I!!PDF-E.pdf},
	year = {2012},
	bdsk-url-1 = {https://www.itu.int/dms_pubrec/itu-r/rec/bt/R-REC-BT.500-13-201201-I!!PDF-E.pdf}}

@inproceedings{asuni2014testimages,
	author = {Nicola {Asuni} and Andrea {Giachetti}},
	booktitle = {Eurographics Italian Chapter Conference},
	date-added = {2021-11-14 20:44:47 +0800},
	date-modified = {2021-11-14 20:44:47 +0800},
	pages = {63--70},
	title = {TESTIMAGES: a Large-scale Archive for Testing Visual Devices and Basic Image Processing Algorithms},
	year = {2014}}

@book{Acharya2005JPEG,
	author = {Acharya, Tinku and Tsai, Ping Sing},
	date-added = {2021-11-14 20:44:47 +0800},
	date-modified = {2021-11-14 20:44:47 +0800},
	title = {JPEG - Still Image Compression Standard},
	year = {2005}}

@article{Sullivan2013Overview,
	author = {Sullivan, G. J. and Ohm, J. and Han, Woo Jin and Wiegand, T.},
	date-added = {2021-11-14 20:44:47 +0800},
	date-modified = {2021-11-14 20:44:47 +0800},
	journal = {IEEE Transactions on Circuits \& Systems for Video Technology},
	number = {12},
	pages = {1649-1668},
	title = {Overview of the High Efficiency Video Coding (HEVC) Standard},
	volume = {22},
	year = {2013}}

@inproceedings{hu2018squeeze,
	author = {Hu, Jie and Shen, Li and Sun, Gang},
	booktitle = {Proceedings of the IEEE conference on computer vision and pattern recognition},
	date-added = {2021-11-14 20:44:47 +0800},
	date-modified = {2021-11-14 20:44:47 +0800},
	pages = {7132--7141},
	title = {Squeeze-and-excitation networks},
	year = {2018}}

@inproceedings{balle2018integer,
	author = {Ball{\'e}, Johannes and Johnston, Nick and Minnen, David},
	booktitle = {International Conference on Learning Representations},
	date-added = {2021-11-14 20:44:47 +0800},
	date-modified = {2021-11-14 20:44:47 +0800},
	title = {Integer networks for data compression with latent-variable models},
	year = {2018}}

@inproceedings{dumas2018autoencoder,
	author = {Dumas, Thierry and Roumy, Aline and Guillemot, Christine},
	booktitle = {IEEE International Conference on Acoustics, Speech and Signal Processing (ICASSP)},
	date-added = {2021-11-14 20:44:47 +0800},
	date-modified = {2021-11-14 20:44:47 +0800},
	pages = {1188--1192},
	title = {Autoencoder based image compression: can the learning be quantization independent?},
	year = {2018}}

@inproceedings{zhang2018learned,
	author = {Z. {Zhang} and Z. {Chen} and J. {Lin} and W. {Li}},
	booktitle = {IEEE International Conference on Multimedia and Expo (ICME)},
	date-added = {2021-11-14 20:44:47 +0800},
	date-modified = {2021-11-14 20:44:47 +0800},
	doi = {10.1109/ICME.2019.00249},
	pages = {1438-1443},
	title = {Learned Scalable Image Compression with Bidirectional Context Disentanglement Network},
	year = {2019},
	bdsk-url-1 = {https://doi.org/10.1109/ICME.2019.00249}}

@book{marrVision,
	address = {New York, NY},
	author = {David Marr},
	date-added = {2021-11-14 20:44:47 +0800},
	date-modified = {2021-11-14 20:44:47 +0800},
	isbn = {0716715678},
	publisher = {Henry Holt and Co., Inc.},
	title = {Vision: A Computational Investigation into the Human Representation and Processing of Visual Information},
	year = {1982}}

@inproceedings{TodericiOHVMBCS15,
	author = {George Toderici and Sean M. O'Malley and Sung Jin Hwang and Damien Vincent and David Minnen and Shumeet Baluja and Michele Covell and Rahul Sukthankar},
	booktitle = {International Conference on Learning Representations},
	date-added = {2021-11-14 20:44:47 +0800},
	date-modified = {2021-11-14 20:44:47 +0800},
	title = {Variable Rate Image Compression with Recurrent Neural Networks},
	year = {2016}}

@article{johnston2017improved,
	author = {Johnston, Nick and Vincent, Damien and Minnen, David and Covell, Michele and Singh, Saurabh and Chinen, Troy and Hwang, Sung Jin and Shor, Joel and Toderici, George},
	date-added = {2021-11-14 20:44:47 +0800},
	date-modified = {2021-11-14 20:44:47 +0800},
	journal = {structure},
	pages = {23},
	title = {Improved lossy image compression with priming and spatially adaptive bit rates for recurrent networks},
	volume = {10},
	year = {2017}}

@inproceedings{toderici2017full,
	author = {Toderici, George and Vincent, Damien and Johnston, Nick and Jin Hwang, Sung and Minnen, David and Shor, Joel and Covell, Michele},
	booktitle = {IEEE Conference on Computer Vision and Pattern Recognition (CVPR)},
	date-added = {2021-11-14 20:44:47 +0800},
	date-modified = {2021-11-14 20:44:47 +0800},
	pages = {5306--5314},
	title = {Full resolution image compression with recurrent neural networks},
	year = {2017}}

@inproceedings{jia2019layered,
	author = {Jia, Chuanmin and Liu, Zhaoyi and Wang, Yao and Ma, Siwei and Gao, Wen},
	booktitle = {IEEE Conference on Multimedia Information Processing and Retrieval (MIPR)},
	date-added = {2021-11-14 20:44:47 +0800},
	date-modified = {2021-11-14 20:44:47 +0800},
	pages = {431--436},
	title = {Layered Image Compression using Scalable Auto-encoder},
	year = {2019}}

@inproceedings{zhang2018unreasonable,
	author = {Zhang, Richard and Isola, Phillip and Efros, Alexei A and Shechtman, Eli and Wang, Oliver},
	booktitle = {Proceedings of the IEEE conference on computer vision and pattern recognition},
	pages = {586--595},
	title = {The unreasonable effectiveness of deep features as a perceptual metric},
	year = {2018}}

@inproceedings{kim2020,
	address = {New York, NY, USA},
	author = {Kim, Jun-Hyuk and Jang, Soobeom and Choi, Jun-Ho and Lee, Jong-Seok},
	doi = {10.1145/3394171.3413680},
	isbn = {9781450379885},
	keywords = {successive compression, image compression, deep learning},
	location = {Seattle, WA, USA},
	numpages = {9},
	pages = {247--255},
	publisher = {Association for Computing Machinery},
	series = {MM '20},
	title = {Instability of Successive Deep Image Compression},
	url = {https://doi.org/10.1145/3394171.3413680},
	year = {2020},
	bdsk-url-1 = {https://doi.org/10.1145/3394171.3413680}}

@comment{BibDesk Static Groups{
<?xml version="1.0" encoding="UTF-8"?>
<!DOCTYPE plist PUBLIC "-//Apple//DTD PLIST 1.0//EN" "http://www.apple.com/DTDs/PropertyList-1.0.dtd">
<plist version="1.0">
<array>
	<dict>
		<key>group name</key>
		<string>NLAIC</string>
		<key>keys</key>
		<string></string>
	</dict>
</array>
</plist>
}}
